@book{latex2e,
  author = {Leslie Lamport},
  year = {1994},
  title = {{\LaTeX}: a Document Preparation System},
  publisher = {Addison Wesley},
  address = {Massachusetts},
  edition = {2},
  note = {Accessed on 07.04.2023}
}

@online{mathlibre-lagrange,
  author        = {Robert Miles},
  year          = {2019},
  title         = {Vectoring Words (Word Embeddings) - Computerphile},
  organization  = {Youtube},
  url           = {https://math.libretexts.org/Bookshelves/Calculus/Map%3A_Calculus__Early_Transcendentals_(Stewart)/14%3A_Partial_Derivatives/14.08%3A_Lagrange_Multipliers},
  note          = {Accessed on 07.04.2023}
}

